@Article{Gentleman2004,
  Author =	 "Gentleman, R.C. and others",
  Title =	 "{{B}ioconductor: open software development for
                  computational biology and bioinformatics}",
  Journal =	 "Genome Biol.",
  Year =	 2004,
  Volume =	 5,
  Number =	 10,
  Pages =	 "R80"
}

@Article{Lawrence2013,
  Author =	 {Lawrence, M. and Huber, W. and Pages, H. and
                  Aboyoun, P. and Carlson, M. and Gentleman, R. and
                  Morgan, M.T. and Carey, V.J.},
  Title =	 {{S}oftware for computing and annotating genomic
                  ranges},
  Journal =	 {PLoS Comput. Biol.},
  Year =	 2013,
  Volume =	 9,
  Number =	 8
}

@Article{Guenther2014,
   Author="Guenther, C.A. and Tasic, B. and Luo, L. and Bedell, M.A. and Kingsley, D.M.",
   Title="{{A} molecular basis for classic blond hair color in {E}uropeans}",
   Journal="Nat. Genet.",
   Year="2014",
   Month="Jun"
}


@Article{Huber2015,
   Author="Huber, W. and others",
   Title="{{O}rchestrating high-throughput genomic analysis with {B}ioconductor}",
   Journal="Nat. Methods",
   Year="2015",
   Volume="12",
   Number="2",
   Pages="115--121",
   Month="Feb"
}

@Article{Lawrence2014,
  author = 	 {Lawrence, M. and Morgan, M.},
  title = 	 {{S}calable {G}enomics with {R} and {B}ioconductor},
  journal = 	 {Statistical Sciences},
  year = 	 {2014},
  volume = 	 {29},
  number = 	 {2},
  pages = 	 {214--226}
}
